@Manual{,
  title = {BayLum: Chronological Bayesian Models Integrating Optically Stimulated
Luminescence and Radiocarbon Age Dating},
  author = {Claire Christophe and Anne Philippe and Sebastian Kreutzer and Guillaume Guerin},
  year = {2018},
  note = {R package version 0.1.3},
}

@Article{,
  title = {BayLum - An R package for Bayesian analysis of OSL ages: An introduction},
  author = {Anne Philippe and Guillaume Guerin and Sebastian Kreutzer},
  year = {2018},
  journal = {Quaternary Geochronology},
  doi = {10.1016/j.quageo.2018.05.009},
}
