@Manual{,
  title = {BayLum: Chronological Bayesian Models Integrating Optically Stimulated
Luminescence and Radiocarbon Age Dating},
  author = {Claire Christophe and Anne Philippe and Sebastian Kreutzer and Guillaume Guerin},
  year = {2018},
  note = {R package version 0.1.2},
}
