@Manual{,
  title = {BayLum: Chronological Bayesian Models Integrating Optically Stimulated
Luminescence Dating},
  author = {Claire Christophe and Guillaume Guerin and Anne Philippe},
  year = {2017},
  note = {R package version 0.1.0},
}
